<record><leader>00000cas a2200000 a 4500</leader><controlfield tag="001">15927102</controlfield><controlfield tag="008">870612d18831883msuwr ne      0    0eng c</controlfield><datafield ind1=" " ind2=" " tag="010"><subfield code="a">sn 87090510 </subfield></datafield><datafield ind1=" " ind2=" " tag="040"><subfield code="a">PPM</subfield><subfield code="b">eng</subfield><subfield code="c">PPM</subfield><subfield code="d">OCL</subfield><subfield code="d">NVF</subfield><subfield code="d">CUI</subfield><subfield code="d">OCLCQ</subfield><subfield code="d">OCLCF</subfield></datafield><datafield ind1=" " ind2=" " tag="042"><subfield code="a">pcc</subfield></datafield><datafield ind1=" " ind2=" " tag="043"><subfield code="a">n-us-ms</subfield></datafield><datafield ind1=" " ind2="4" tag="050"><subfield code="a">AN</subfield></datafield><datafield ind1="0" ind2=" " tag="130"><subfield code="a">Weekly herald (Vicksburg, Miss. : 1883)</subfield></datafield><datafield ind1="1" ind2="0" tag="245"><subfield code="a">Weekly herald.</subfield></datafield><datafield ind1="1" ind2="7" tag="246"><subfield code="a">Vicksburg weekly herald</subfield></datafield><datafield ind1=" " ind2=" " tag="260"><subfield code="a">Vicksburg, Miss. :</subfield><subfield code="b">[s.n.],</subfield><subfield code="c">1883-1883.</subfield></datafield><datafield ind1=" " ind2=" " tag="310"><subfield code="a">Weekly</subfield></datafield><datafield ind1="1" ind2=" " tag="362"><subfield code="a">Vol. 18, no. 30 [i.e. no. 31] (May 25, 1883)-v. 19, no. 10 (Dec. 28, 1883).</subfield></datafield><datafield ind1=" " ind2="0" tag="651"><subfield code="a">Vicksburg (Miss.)</subfield><subfield code="v">Newspapers.</subfield></datafield><datafield ind1=" " ind2="0" tag="651"><subfield code="a">Warren County (Miss.)</subfield><subfield code="v">Newspapers.</subfield></datafield><datafield ind1=" " ind2="7" tag="655"><subfield code="a">Newspapers.</subfield><subfield code="2">fast</subfield><subfield code="0">(OCoLC)fst01423814</subfield></datafield><datafield ind1=" " ind2="7" tag="651"><subfield code="a">Mississippi</subfield><subfield code="z">Vicksburg.</subfield><subfield code="2">fast</subfield><subfield code="0">(OCoLC)fst01204951</subfield></datafield><datafield ind1=" " ind2="7" tag="651"><subfield code="a">Mississippi</subfield><subfield code="z">Warren County.</subfield><subfield code="2">fast</subfield><subfield code="0">(OCoLC)fst01218302</subfield></datafield><datafield ind1=" " ind2=" " tag="752"><subfield code="a">United States</subfield><subfield code="b">Mississippi</subfield><subfield code="c">Warren</subfield><subfield code="d">Vicksburg.</subfield></datafield><datafield ind1="0" ind2=" " tag="775"><subfield code="t">Vicksburg daily herald (Vicksburg, Miss. : 1867)</subfield><subfield code="w">(DLC)sn 84020015</subfield><subfield code="w">(OCoLC)10265472</subfield></datafield><datafield ind1="0" ind2="0" tag="780"><subfield code="t">Vicksburg weekly herald (Vicksburg, Miss. : 1868)</subfield><subfield code="w">(DLC)sn 87090488</subfield><subfield code="w">(OCoLC)15918028</subfield></datafield><datafield ind1="0" ind2="0" tag="785"><subfield code="t">Vicksburg herald (Vicksburg, Miss. : 1884)</subfield><subfield code="w">(DLC)sn 87090508</subfield><subfield code="w">(OCoLC)15916185</subfield></datafield></record>